@online{flawfinder,
  title = {Flawfinder},
  url = {https://dwheeler.com/flawfinder/}
}

@online{unistd.h,
  title = {unistd.h(0p) — Linux manual page},
  url = {https://man7.org/linux/man-pages/man0/unistd.h.0p.html}
}

@online{fprintf,
  title = {fprintf(3p) - Linux manual page},
  url = {https://man7.org/linux/man-pages/man3/fprintf.3p.html}
}

@online{perror,
  title = {perror(3) - Linux manual page},
  url = {https://man7.org/linux/man-pages/man3/perror.3.html}
}

@online{errno,
  title = {errno(3) - Linux manual page},
  url = {https://man7.org/linux/man-pages/man3/errno.3.html}
}

@online{strlen,
  title = {strlen(3) — Linux manual page},
  url = {https://man7.org/linux/man-pages/man3/strlen.3.html}
}

@online{strcpy,
  title = {strcpy(3) — Linux manual page},
  url = {https://man7.org/linux/man-pages/man3/strcpy.3.html}
}

@online{fgets,
  title = {fgets(3p) — Linux manual page},
  url = {https://man7.org/linux/man-pages/man3/fgets.3p.html}
}

@online{strcat,
  title = {strcat(3) — Linux manual page},
  url = {https://man7.org/linux/man-pages/man3/strcat.3.html}
}

@online{strncpy,
  title = {strncpy(3p) — Linux manual page},
  url = {https://man7.org/linux/man-pages/man3/strncpy.3p.html}
}

@online{read,
  title = {read(3p) — Linux manual page},
  url = {https://man7.org/linux/man-pages/man3/read.3p.html}
}

@online{printf,
  title = {printf(3) - Linux manual page},
  url = {https://man7.org/linux/man-pages/man3/printf.3.html}
}

@online{malloc,
  title = {malloc(3) — Linux manual page},
  url = {https://man7.org/linux/man-pages/man3/malloc.3.html}
}

@online{string.h,
  title = {string.h(0p) — Linux manual page},
  url = {https://man7.org/linux/man-pages/man0/string.h.0p.html}
}

@online{strsafe.h,
  title = {strsafe.h header},
  url = {https://learn.microsoft.com/en-us/windows/win32/api/strsafe/}
}

@online{calloc,
  title = {calloc(3p) — Linux manual page},
  url = {https://man7.org/linux/man-pages/man3/calloc.3p.html}
}

@online{free,
  title = {free(3p) — Linux manual page},
  url = {https://man7.org/linux/man-pages/man3/free.3p.html}
}

@online{stringcbcopya,
  title = {StringCbCopyA function (strsafe.h)},
  url = {https://learn.microsoft.com/en-us/windows/win32/api/strsafe/nf-strsafe-stringcbcopya}
}

@online{stringcbcata,
  title = {StringCbCatA function (strsafe.h)},
  url = {https://learn.microsoft.com/en-us/windows/win32/api/strsafe/nf-strsafe-stringcbcata}
}

@online{exit,
  title = {exit(3) — Linux manual page},
  url = {https://man7.org/linux/man-pages/man3/exit.3.html}
}

@online{stdin,
  title = {stdin(3) — Linux manual page},
  url = {https://man7.org/linux/man-pages/man3/stdin.3.html}
}

@online{strnlen,
  title = {strnlen(3) — Linux manual page},
  url = {https://man7.org/linux/man-pages/man3/strnlen.3.html}
}

@online{github,
  title = {GitHub},
  url = {https://github.com/}
}

@online{cwe-134,
    title = {CWE-134: Use of Externally-Controlled Format String},
    url = {https://cwe.mitre.org/data/definitions/134.html}
}

@online{cwe-120,
    title = {CWE-120: Buffer Copy without Checking Size of Input ('Classic Buffer Overflow')},
    url = {https://cwe.mitre.org/data/definitions/120.html}
}

@online{cwe-20,
    title = {CWE-20: Improper Input Validation},
    url = {https://cwe.mitre.org/data/definitions/20.html}
}

@online{cwe-119,
    title = {CWE-119: Improper Restriction of Operations within the Bounds of a Memory Buffer},
    url = {https://cwe.mitre.org/data/definitions/119.html}
}

@online{cwe-126,
    title = {CWE-126: Buffer Over-read},
    url = {https://cwe.mitre.org/data/definitions/126.html}
}

@online{grep,
    title = {grep(1) — Linux manual page},
    url = {https://man7.org/linux/man-pages/man1/grep.1.html}
}

@online{isalpha,
    title = {isalpha(3) — Linux manual page},
    url = {https://man7.org/linux/man-pages/man3/isspace.3.html}
}